<record><leader>00000cas a22000007a 4500</leader><controlfield tag="001">19294302</controlfield><controlfield tag="008">890303c19759999mouwr ne      0   a0eng d</controlfield><datafield ind1=" " ind2=" " tag="010"><subfield code="a">sn 89066275 </subfield></datafield><datafield ind1=" " ind2=" " tag="040"><subfield code="a">MQN</subfield><subfield code="b">eng</subfield><subfield code="c">MQN</subfield><subfield code="d">NSD</subfield><subfield code="d">OCLCQ</subfield></datafield><datafield ind1=" " ind2=" " tag="012"><subfield code="m">0</subfield></datafield><datafield ind1="0" ind2=" " tag="022"><subfield code="a">1542-7722</subfield><subfield code="l">1542-7722</subfield><subfield code="2">1</subfield></datafield><datafield ind1=" " ind2=" " tag="042"><subfield code="a">nsdp</subfield><subfield code="a">msc</subfield></datafield><datafield ind1=" " ind2="0" tag="222"><subfield code="a">Raytown post</subfield></datafield><datafield ind1="0" ind2="0" tag="245"><subfield code="a">Raytown post.</subfield></datafield><datafield ind1=" " ind2=" " tag="260"><subfield code="a">Raytown, Mo. :</subfield><subfield code="b">Santa Fe Trail Pub. Corp.,</subfield><subfield code="c">1975-</subfield></datafield><datafield ind1=" " ind2=" " tag="300"><subfield code="a">v.</subfield></datafield><datafield ind1=" " ind2=" " tag="321"><subfield code="a">Weekly</subfield></datafield><datafield ind1="0" ind2=" " tag="362"><subfield code="a">Vol. 1, no. 1 (Sept. 24, 1975)-</subfield></datafield><datafield ind1=" " ind2=" " tag="752"><subfield code="a">United States</subfield><subfield code="b">Missouri</subfield><subfield code="c">Jackson</subfield><subfield code="d">Raytown.</subfield></datafield><datafield ind1="0" ind2="5" tag="780"><subfield code="t">Inter-city news (Fairmount, Mo. : 1931)</subfield><subfield code="w">(DLC)sn 89066272</subfield></datafield><datafield ind1="1" ind2=" " tag="029"><subfield code="a">AU@</subfield><subfield code="b">000020565505</subfield></datafield></record>